<collection xmlns="http://www.loc.gov/MARC21/slim">
<record>
  <leader>01502nam0a22002411i 450 </leader>
  <controlfield tag="001">IT\ICCU\CNCE\076925</controlfield>
  <controlfield tag="005">20131105000000.0</controlfield>
  <datafield tag="100" ind1=" " ind2=" ">
    <subfield code="a">20111102d1600        0itac0103    ba</subfield>
  </datafield>
  <datafield tag="101" ind1=" " ind2=" ">
    <subfield code="a">ITA</subfield>
  </datafield>
  <datafield tag="102" ind1=" " ind2=" ">
    <subfield code="a">IT</subfield>
  </datafield>
  <datafield tag="200" ind1="1" ind2=" ">
    <subfield code="a">Corona delle nobili et virtuose donne, libro primo \-terzo!. Nel qual si dimostra in varij dissegni, tutte le sorti di mostre di punti tagliati, punti in aria, punti a reticello, e d&apos;ogni altra sorte, cosi per freggi, come per merli, &amp; rosette, che con l&apos;aco si vsano hoggidi per tutta l&apos;Europa. Et molte delle quali mostre possono seruire ancora per opere a mazzette</subfield>
  </datafield>
  <datafield tag="205" ind1=" " ind2=" ">
    <subfield code="a">Aggiuntoui in questa quarta impressione molti bellissimi dissegni non piu veduti</subfield>
  </datafield>
  <datafield tag="210" ind1=" " ind2=" ">
    <subfield code="a">In Venetia</subfield>
    <subfield code="c">appresso Cesare Vecellio</subfield>
    <subfield code="d">in Merzaria</subfield>
    <subfield code="d">1600</subfield>
  </datafield>
  <datafield tag="215" ind1=" " ind2=" ">
    <subfield code="a">4 v.</subfield>
    <subfield code="c">in gran parte ill.</subfield>
    <subfield code="d">4ʻ obl</subfield>
  </datafield>
  <datafield tag="300" ind1=" " ind2=" ">
    <subfield code="a">Xilografie di merletti disegnati da Cesare Vecellio. - V. 4: Gioiello della corona per le nobili, et virtuose donne, libro quarto ... - In Venetia : appresso Cesare Vecellio, in Merzaria, 1600</subfield>
  </datafield>
  <datafield tag="423" ind1=" " ind2="0">
    <subfield code="1">001IT\ICCU\CNCE\078254</subfield>
    <subfield code="1">2001 </subfield>
    <subfield code="a">Gioiello della corona per le nobili, et virtuose donne, libro quarto ...</subfield>
  </datafield>
  <datafield tag="620" ind1=" " ind2=" ">
    <subfield code="a">IT</subfield>
    <subfield code="d">Venezia</subfield>
  </datafield>
  <datafield tag="700" ind1=" " ind2="1">
    <subfield code="a">Vecellio,</subfield>
    <subfield code="b">Cesare</subfield>
    <subfield code="3">IT\ICCU\CNCA\008850</subfield>
  </datafield>
  <datafield tag="712" ind1="0" ind2="0">
    <subfield code="a">Vecellio, Cesare</subfield>
    <subfield code="3">IT\ICCU\CNCT\003348</subfield>
    <subfield code="4">650</subfield>
  </datafield>
  <datafield tag="790" ind1=" " ind2="1">
    <subfield code="a">Vecelli,</subfield>
    <subfield code="b">Cesare</subfield>
    <subfield code="3">IT\ICCU\CNCA\024536</subfield>
    <subfield code="z">Vecellio, Cesare</subfield>
  </datafield>
  <datafield tag="791" ind1="0" ind2="0">
    <subfield code="a">Vicellio, Cesare</subfield>
    <subfield code="3">IT\ICCU\CNCT\003349</subfield>
    <subfield code="z">Vecellio, Cesare</subfield>
  </datafield>
  <datafield tag="801" ind1=" " ind2="3">
    <subfield code="a">IT</subfield>
    <subfield code="b">ICCU</subfield>
    <subfield code="c">20201115</subfield>
  </datafield>
  <datafield tag="899" ind1=" " ind2=" ">
    <subfield code="a">Biblioteca nazionale Marciana. Venezia</subfield>
    <subfield code="1">VE0049</subfield>
    <subfield code="2">VEA BM</subfield>
  </datafield>
</record>
</collection>
